
@inreference{noauthor_bang_2025,
	title = {\textit{{BanG} Dream! Ave Mujica}},
	rights = {Creative Commons Attribution-{ShareAlike} License},
	url = {https://en.wikipedia.org/w/index.php?title=BanG_Dream!_Ave_Mujica&oldid=1289069662},
	abstract = {{BanG} Dream! Ave Mujica, also known as Ave Mujica - The Die is Cast -, is a Japanese anime television series created by Bushiroad and produced by Sanzigen. It is a spin-off of the main {BanG} Dream! anime series, serving as the sequel to {BanG} Dream! It's {MyGO}!!!!!. The series aired from January to March 2025. A manga adaptation written and illustrated by Pinfu Hiroyama, titled {BanG} Dream! Ave Mujica -manuscriptus-, began serialization in Bushiroad's magazine Comic Growl since January 2025.
A sequel to both Ave Mujica and It's {MyGO}!!!!! has been announced.},
	booktitle = {Wikipedia},
	urldate = {2025-05-08},
	date = {2025-05-06},
	langid = {english},
	note = {Page Version {ID}: 1289069662},
}
